@misc{ KhronosGroup,
    author = "Khronos",
    title = "Khronos-Group",
    year = "2018",
    note = "Available from: https://www.khronos.org [Online; accessed 09-01-2018]"
  }
  
  @misc{ GLFW,
    author = "GLFW",
    title = "GLFW",
    year = "2018",
    note = "Available from: http://www.glfw.org [Online; accessed 09-01-2018]"
  }
  
  @book{woo1999opengl,
  title={OpenGL programming guide: the official guide to learning OpenGL, version 1.2},
  author={Woo, Mason and Neider, Jackie and Davis, Tom and Shreiner, Dave},
  year={1999},
  publisher={Addison-Wesley Longman Publishing Co., Inc.}
}

@misc{ KhronosGroupPipeline,
    author = "Khronos",
    title = "Rendering Pipeline Overview",
    year = "2017",
    note = "Available from: https://www.khronos.org/opengl/wiki/Rendering\textunderscorePipeline\textunderscoreOverview [Online; accessed 09-01-2018]"
  }
  
@misc{ GLAD,
    author = "GLAD",
    title = "GLAD",
    year = "2018",
    note = "Available from: http://glad.dav1d.de [Online; accessed 09-01-2018]"
  }
  
@book{boucsein2012electrodermal,
  title={Electrodermal activity},
  author={Boucsein, Wolfram},
  year={2012},
  publisher={Springer Science \& Business Media}
}

@book{iMotion2017galvanic,
  title={Galvanic Skin Response: The Complete Pocket Guide},
  author={},
  year={2017},
  publisher={iMotions}
}

@article{duffy1972handbook,
  title={Handbook of Psychophysiology},
  author={Duffy, E and Greenfield, NS and Sternach, RA},
  journal={Handbook of Psychophisiology},
  year={1972},
  publisher={Holt, Rinehart and Winston New York}
}

@book{ebert2003texturing,
  title={Texturing \& modeling: a procedural approach},
  author={Ebert, David S},
  year={2003},
  publisher={Morgan Kaufmann}
}

  @misc{ psychlab,
    author = "psychlab",
    title = "SKIN CONDUCTANCE EXPLAINED",
    year = "N/A",
    note = "Available from: http://www.psychlab.com/SC\textunderscoreexplained.html [Online; accessed 09-01-2018]"
  }
  
  @article{villarejo2012stress,
  title={A stress sensor based on Galvanic Skin Response (GSR) controlled by ZigBee},
  author={Villarejo, Mar{\'\i}a Viqueira and Zapirain, Bego{\~n}a Garc{\'\i}a and Zorrilla, Amaia M{\'e}ndez},
  journal={Sensors},
  volume={12},
  number={5},
  pages={6075--6101},
  year={2012},
  publisher={Molecular Diversity Preservation International}
}

@article{horvath1978experimental,
  title={An experimental comparison of the psychological stress evaluator and the galvanic skin response in detection of deception.},
  author={Horvath, Frank},
  journal={Journal of Applied Psychology},
  volume={63},
  number={3},
  pages={338},
  year={1978},
  publisher={American Psychological Association}
}

@misc{ jocelynzada2013stress,
	author = "jocelynzada",
	title = "STRESS MAKES ART: GALVANIC SKIN RESPONSE AND VISUAL GENERATION",
	year = "2013",
	note = "Available from: http://www.instructables.com/id/Stress-Makes-Art-Galvanic-Skin-Response-and-Visual [Online; accessed 09-01-2018]"
}


@misc{ seeed2014sensor,
	author = "seeed",
	title = "Grove - GSR Sensor",
	year = "2014",
	note = "Available from: http://wiki.seeed.cc/Grove-GSR\textunderscoreSensor [Online; accessed 09-01-2018]"
}

@book{cooper2008stress,
	title={Stress: A brief history},
	author={Cooper, Cary L and Dewe, Philip J},
	year={2008},
	publisher={John Wiley \& Sons}
}

@misc{ Difference2018stress,
    author = "Difference Between",
    title = "Difference between Stress and Tension",
    year = "2018",
    note = "Available from: http://www.differencebetween.info/difference-between-stress-and-tension [Online; accessed 09-01-2018]"
}
  
@misc{ OpenGL2014Camera,
	author = "Joey de Vries",
	title = "Camera",
	year = "2014",
	note = "Available from: https://learnopengl.com/Getting-started/Camera [Online; accessed 09-01-2018]"
}

@misc{ T2014Table,
	author = "B. Burt Gerstman",
	title = "Camera",
	year = "t Table",
	note = "Available from: http://www.sjsu.edu/faculty/gerstman/StatPrimer/t-table.pdf [Online; accessed 27-02-2018]"
}
  
@article{torres2013development,
  title={Development of biofeedback mechanisms in a procedural environment using biometric sensors},
  author={Torres, Vasco Pereira},
  journal={arXiv preprint arXiv:1310.2102},
  year={2013}
}

@article{gosavi2011tutorial,
  title={A tutorial for reinforcement learning},
  author={Gosavi, Abhijit},
  journal={Department of Engineering Management and Systems Engineering},
  year={2011},
  publisher={Citeseer}
}

@book{sutton1998reinforcement,
  title={Reinforcement learning: An introduction},
  author={Sutton, Richard S and Barto, Andrew G},
  volume={1},
  number={1},
  year={1998},
  publisher={MIT press Cambridge}
}

@article{csaji2001approximation,
  title={Approximation with artificial neural networks},
  author={Cs{\'a}ji, Bal{\'a}zs Csan{\'a}d},
  journal={Faculty of Sciences, Etvs Lornd University, Hungary},
  volume={24},
  pages={48},
  year={2001}
}

@article{rechenberg1973evolution,
  title={Evolution Strategy: Optimization of Technical systems by means of biological evolution},
  author={Rechenberg, Ingo},
  journal={Fromman-Holzboog, Stuttgart},
  volume={104},
  pages={15--16},
  year={1973}
}

@article{fowles1981publication,
  title={Publication recommendations for electrodermal measurements},
  author={Fowles, Don C and Christie, Margaret J and Edelberg, Robert and Grings, William W and Lykken, David T and Venables, Peter H},
  journal={Psychophysiology},
  volume={18},
  number={3},
  pages={232--239},
  year={1981},
  publisher={Wiley Online Library}
}

@book{bellman2013dynamic,
  title={Dynamic programming},
  author={Bellman, Richard},
  year={2013},
  publisher={Courier Corporation}
}

@techreport{UML2009C,
     title = {UML for the C programming language.},
     author = {Bruce Powel Douglass},
     group = {IBM},
     year = {2009},
     institution = {Rational Software},
     month = {06},
     Date-Added = {2009-06-01 00:00:00},
     Date-Modified = {2009-06-01 00:00:00}
}

@article{student1908probable,
  title={The probable error of a mean},
  author={Student},
  journal={Biometrika},
  pages={1--25},
  year={1908},
  publisher={JSTOR}
}

@article{perlin1985image,
  title={An image synthesizer},
  author={Perlin, Ken},
  journal={ACM Siggraph Computer Graphics},
  volume={19},
  number={3},
  pages={287--296},
  year={1985}
}

@inproceedings{perlin2002improving,
  title={Improving noise},
  author={Perlin, Ken},
  booktitle={ACM Transactions on Graphics (TOG)},
  volume={21},
  number={3},
  pages={681--682},
  year={2002},
  organization={ACM}
}

@article{gauss1809theoria,
  title={Theoria motus corporum coelestum},
  author={Gauss, Carl Friedrich},
  journal={Werke},
  year={1809}
}

@inproceedings{karczmarczuk2002functional,
  title={Functional approach to texture generation},
  author={Karczmarczuk, Jerzy},
  booktitle={International Symposium on Practical Aspects of Declarative Languages},
  pages={225--242},
  year={2002},
  organization={Springer}
}

@InCollection{Elliott03FOP,
  author       = {Conal Elliott},
  title        = {Functional Images},
  url          = {http://conal.net/papers/functional-images/},
  booktitle    = {The Fun of Programming},
  publisher    = {Palgrave},
  year         = 2003,
  series       = {``Cornerstones of Computing'' series},
  month        = mar
}

@book{fish2003medical,
  title={Medical and Bioengineering Aspects of Electrical Injuries},
  author={Fish, R.M. and Geddes, L.A. and Babbs, C.F.},
  isbn={9781930056084},
  lccn={2003004084},
  url={https://books.google.co.uk/books?id=luNUiqJHdDwC},
  year={2003},
  publisher={Lawyers \& Judges Publishing Company}
}

@book{pitchforth2010emotional,
  title={Emotional Response to Auditory and Visual Stimuli},
  author={Pitchforth, Amy},
  year={2010},
  publisher={Loma Linda University}
}